@ARTICLE{2012PhLB..716....1A,
       author = {{Aad}, G. and {Abajyan}, T. and {Abbott}, B. and {Abdallah}, J. and {Abdel Khalek}, S. and {Abdelalim}, A.~A. and {Abdinov}, O. and {Aben}, R. and {Abi}, B. and {Abolins}, M. and {Abouzeid}, O.~S. and {Abramowicz}, H. and {Abreu}, H. and {Acharya}, B.~S. and {Adamczyk}, L. and {Adams}, D.~L. and {Addy}, T.~N. and {Adelman}, J. and {Adomeit}, S. and {Adragna}, P. and {Adye}, T. and {Aefsky}, S. and {Aguilar-Saavedra}, J.~A. and {Agustoni}, M. and {Aharrouche}, M. and {Ahlen}, S.~P. and {Ahles}, F. and {Ahmad}, A. and {Ahsan}, M. and {Aielli}, G. and {Akdogan}, T. and {{\r{A}}kesson}, T.~P.~A. and {Akimoto}, G. and {Akimov}, A.~V. and {Alam}, M.~S. and {Alam}, M.~A. and {Albert}, J. and {Albrand}, S. and {Aleksa}, M. and {Aleksandrov}, I.~N. and {Alessandria}, F. and {Alexa}, C. and {Alexander}, G. and {Alexandre}, G. and {Alexopoulos}, T. and {Alhroob}, M. and {Aliev}, M. and {Alimonti}, G. and {Alison}, J. and {Allbrooke}, B.~M.~M. and {Allport}, P.~P. and {Allwood-Spiers}, S.~E. and {Almond}, J. and {Aloisio}, A. and {Alon}, R. and {Alonso}, A. and {Alonso}, F. and {Altheimer}, A. and {Alvarez Gonzalez}, B. and {Alviggi}, M.~G. and {Amako}, K. and {Amelung}, C. and {Ammosov}, V.~V. and {Amor Dos Santos}, S.~P. and {Amorim}, A. and {Amram}, N. and {Anastopoulos}, C. and {Ancu}, L.~S. and {Andari}, N. and {Andeen}, T. and {Anders}, C.~F. and {Anders}, G. and {Anderson}, K.~J. and {Andreazza}, A. and {Andrei}, V. and {Andrieux}, M. -L. and {Anduaga}, X.~S. and {Angelidakis}, S. and {Anger}, P. and {Angerami}, A. and {Anghinolfi}, F. and {Anisenkov}, A. and {Anjos}, N. and {Annovi}, A. and {Antonaki}, A. and {Antonelli}, M. and {Antonov}, A. and {Antos}, J. and {Anulli}, F. and {Aoki}, M. and {Aoun}, S. and {Aperio Bella}, L. and {Apolle}, R. and {Arabidze}, G. and {Aracena}, I. and {Arai}, Y. and {Arce}, A.~T.~H. and {Arfaoui}, S. and {Arguin}, J. -F. and {Arik}, E. and {Arik}, M. and {Armbruster}, A.~J. and {Arnaez}, O. and {Arnal}, V. and {Arnault}, C. and {Artamonov}, A. and {Artoni}, G. and {Arutinov}, D. and {Asai}, S. and {Ask}, S. and {{\r{A}}sman}, B. and {Asquith}, L. and {Assamagan}, K. and {Astbury}, A. and {Atkinson}, M. and {Aubert}, B. and {Auge}, E. and {Augsten}, K. and {Aurousseau}, M. and {Avolio}, G. and {Avramidou}, R. and {Axen}, D. and {Azuelos}, G. and {Azuma}, Y. and {Baak}, M.~A. and {Baccaglioni}, G. and {Bacci}, C. and {Bach}, A.~M. and {Bachacou}, H. and {Bachas}, K. and {Backes}, M. and {Backhaus}, M. and {Backus Mayes}, J. and {Badescu}, E. and {Bagnaia}, P. and {Bahinipati}, S. and {Bai}, Y. and {Bailey}, D.~C. and {Bain}, T. and {Baines}, J.~T. and {Baker}, O.~K. and {Baker}, M.~D. and {Baker}, S. and {Balek}, P. and {Banas}, E. and {Banerjee}, P. and {Banerjee}, Sw. and {Banfi}, D. and {Bangert}, A. and {Bansal}, V. and {Bansil}, H.~S. and {Barak}, L. and {Baranov}, S.~P. and {Barbaro Galtieri}, A. and {Barber}, T. and {Barberio}, E.~L. and {Barberis}, D. and {Barbero}, M. and {Bardin}, D.~Y. and {Barillari}, T. and {Barisonzi}, M. and {Barklow}, T. and {Barlow}, N. and {Barnett}, B.~M. and {Barnett}, R.~M. and {Baroncelli}, A. and {Barone}, G. and {Barr}, A.~J. and {Barreiro}, F. and {Barreiro Guimar{\~a}es da Costa}, J. and {Barrillon}, P. and {Bartoldus}, R. and {Barton}, A.~E. and {Bartsch}, V. and {Basye}, A. and {Bates}, R.~L. and {Batkova}, L. and {Batley}, J.~R. and {Battaglia}, A. and {Battistin}, M. and {Bauer}, F. and {Bawa}, H.~S. and {Beale}, S. and {Beau}, T. and {Beauchemin}, P.~H. and {Beccherle}, R. and {Bechtle}, P. and {Beck}, H.~P. and {Becker}, A.~K. and {Becker}, S. and {Beckingham}, M. and {Becks}, K.~H. and {Beddall}, A.~J. and {Beddall}, A. and {Bedikian}, S. and {Bednyakov}, V.~A. and {Bee}, C.~P. and {Beemster}, L.~J. and {Begel}, M. and {Behar Harpaz}, S. and {Behera}, P.~K. and {Beimforde}, M. and {Belanger-Champagne}, C. and {Bell}, P.~J. and {Bell}, W.~H. and {Bella}, G. and {Bellagamba}, L. and {Bellomo}, M. and {Belloni}, A. and {Beloborodova}, O. and {Belotskiy}, K. and {Beltramello}, O. and {Benary}, O. and {Benchekroun}, D. and {Bendtz}, K. and {Benekos}, N. and {Benhammou}, Y. and {Benhar Noccioli}, E. and {Benitez Garcia}, J.~A. and {Benjamin}, D.~P. and {Benoit}, M. and {Bensinger}, J.~R. and {Benslama}, K. and {Bentvelsen}, S. and {Berge}, D. and {Bergeaas Kuutmann}, E. and {Berger}, N. and {Berghaus}, F. and {Berglund}, E. and {Beringer}, J. and {Bernat}, P. and {Bernhard}, R. and {Bernius}, C. and {Bernlochner}, F.~U. and {Berry}, T. and {Bertella}, C. and {Bertin}, A. and {Bertolucci}, F. and {Besana}, M.~I. and {Besjes}, G.~J. and {Besson}, N. and {Bethke}, S. and {Bhimji}, W. and {Bianchi}, R.~M. and {Bianco}, M. and {Biebel}, O. and {Bieniek}, S.~P. and {Bierwagen}, K. and {Biesiada}, J. and {Biglietti}, M. and {Bilokon}, H. and {Bindi}, M. and {Binet}, S. and {Bingul}, A. and {Bini}, C. and {Biscarat}, C. and {Bittner}, B. and {Black}, K.~M. and {Blair}, R.~E. and {Blanchard}, J. -B. and {Blanchot}, G. and {Blazek}, T. and {Bloch}, I. and {Blocker}, C. and {Blocki}, J. and {Blondel}, A. and {Blum}, W. and {Blumenschein}, U. and {Bobbink}, G.~J. and {Bobrovnikov}, V.~B. and {Bocchetta}, S.~S. and {Bocci}, A. and {Boddy}, C.~R. and {Boehler}, M. and {Boek}, J. and {Boelaert}, N. and {Bogaerts}, J.~A. and {Bogdanchikov}, A. and {Bogouch}, A. and {Bohm}, C. and {Bohm}, J. and {Boisvert}, V. and {Bold}, T. and {Boldea}, V. and {Bolnet}, N.~M. and {Bomben}, M. and {Bona}, M. and {Boonekamp}, M. and {Bordoni}, S. and {Borer}, C. and {Borisov}, A. and {Borissov}, G. and {Borjanovic}, I. and {Borri}, M. and {Borroni}, S. and {Bortolotto}, V. and {Bos}, K. and {Boscherini}, D. and {Bosman}, M. and {Boterenbrood}, H. and {Bouchami}, J. and {Boudreau}, J. and {Bouhova-Thacker}, E.~V. and {Boumediene}, D. and {Bourdarios}, C. and {Bousson}, N. and {Boveia}, A. and {Boyd}, J. and {Boyko}, I.~R. and {Bozovic-Jelisavcic}, I. and {Bracinik}, J. and {Branchini}, P. and {Brandenburg}, G.~W. and {Brandt}, A. and {Brandt}, G. and {Brandt}, O. and {Bratzler}, U. and {Brau}, B. and {Brau}, J.~E. and {Braun}, H.~M. and {Brazzale}, S.~F. and {Brelier}, B. and {Bremer}, J. and {Brendlinger}, K. and {Brenner}, R. and {Bressler}, S. and {Britton}, D. and {Brochu}, F.~M. and {Brock}, I. and {Brock}, R. and {Broggi}, F. and {Bromberg}, C. and {Bronner}, J. and {Brooijmans}, G. and {Brooks}, T. and {Brooks}, W.~K. and {Brown}, G. and {Brown}, H. and {Bruckman de Renstrom}, P.~A. and {Bruncko}, D. and {Bruneliere}, R. and {Brunet}, S. and {Bruni}, A. and {Bruni}, G. and {Bruschi}, M. and {Buanes}, T. and {Buat}, Q. and {Bucci}, F. and {Buchanan}, J. and {Buchholz}, P. and {Buckingham}, R.~M. and {Buckley}, A.~G. and {Buda}, S.~I. and {Budagov}, I.~A. and {Budick}, B. and {B{\"u}scher}, V. and {Bugge}, L. and {Bulekov}, O. and {Bundock}, A.~C. and {Bunse}, M. and {Buran}, T. and {Burckhart}, H. and {Burdin}, S. and {Burgess}, T. and {Burke}, S. and {Busato}, E. and {Bussey}, P. and {Buszello}, C.~P. and {Butler}, B. and {Butler}, J.~M. and {Buttar}, C.~M. and {Butterworth}, J.~M. and {Buttinger}, W. and {Cabrera Urb{\'a}n}, S. and {Caforio}, D. and {Cakir}, O. and {Calafiura}, P. and {Calderini}, G. and {Calfayan}, P. and {Calkins}, R. and {Caloba}, L.~P. and {Caloi}, R. and {Calvet}, D. and {Calvet}, S. and {Camacho Toro}, R. and {Camarri}, P. and {Cameron}, D. and {Caminada}, L.~M. and {Caminal Armadans}, R. and {Campana}, S. and {Campanelli}, M. and {Canale}, V. and {Canelli}, F. and {Canepa}, A. and {Cantero}, J. and {Cantrill}, R. and {Capasso}, L. and {Capeans Garrido}, M.~D.~M. and {Caprini}, I. and {Caprini}, M. and {Capriotti}, D. and {Capua}, M. and {Caputo}, R. and {Cardarelli}, R. and {Carli}, T. and {Carlino}, G. and {Carminati}, L. and {Caron}, B. and {Caron}, S. and {Carquin}, E. and {Carrillo-Montoya}, G.~D. and {Carter}, A.~A. and {Carter}, J.~R. and {Carvalho}, J. and {Casadei}, D. and {Casado}, M.~P. and {Cascella}, M. and {Caso}, C. and {Castaneda Hernandez}, A.~M. and {Castaneda-Miranda}, E. and {Castillo Gimenez}, V. and {Castro}, N.~F. and {Cataldi}, G. and {Catastini}, P. and {Catinaccio}, A. and {Catmore}, J.~R. and {Cattai}, A. and {Cattani}, G. and {Caughron}, S. and {Cavaliere}, V. and {Cavalleri}, P. and {Cavalli}, D. and {Cavalli-Sforza}, M. and {Cavasinni}, V. and {Ceradini}, F. and {Cerqueira}, A.~S. and {Cerri}, A. and {Cerrito}, L. and {Cerutti}, F. and {Cetin}, S.~A. and {Chafaq}, A. and {Chakraborty}, D. and {Chalupkova}, I. and {Chan}, K. and {Chang}, P. and {Chapleau}, B. and {Chapman}, J.~D. and {Chapman}, J.~W. and {Chareyre}, E. and {Charlton}, D.~G. and {Chavda}, V. and {Chavez Barajas}, C.~A. and {Cheatham}, S. and {Chekanov}, S. and {Chekulaev}, S.~V. and {Chelkov}, G.~A. and {Chelstowska}, M.~A. and {Chen}, C. and {Chen}, H. and {Chen}, S. and {Chen}, X. and {Chen}, Y. and {Cheng}, Y. and {Cheplakov}, A. and {Cherkaoui El Moursli}, R. and {Chernyatin}, V. and {Cheu}, E. and {Cheung}, S.~L. and {Chevalier}, L. and {Chiefari}, G. and {Chikovani}, L. and {Childers}, J.~T. and {Chilingarov}, A. and {Chiodini}, G. and {Chisholm}, A.~S. and {Chislett}, R.~T. and {Chitan}, A. and {Chizhov}, M.~V. and {Choudalakis}, G. and {Chouridou}, S. and {Christidi}, I.~A. and {Christov}, A. and {Chromek-Burckhart}, D. and {Chu}, M.~L. and {Chudoba}, J. and {Ciapetti}, G. and {Ciftci}, A.~K. and {Ciftci}, R. and {Cinca}, D. and {Cindro}, V. and {Ciocca}, C. and {Ciocio}, A. and {Cirilli}, M. and {Cirkovic}, P. and {Citron}, Z.~H. and {Citterio}, M. and {Ciubancan}, M. and {Clark}, A. and {Clark}, P.~J. and {Clarke}, R.~N. and {Cleland}, W. and {Clemens}, J.~C. and {Clement}, B. and {Clement}, C. and {Coadou}, Y. and {Cobal}, M. and {Coccaro}, A. and {Cochran}, J. and {Coffey}, L. and {Cogan}, J.~G. and {Coggeshall}, J. and {Cogneras}, E. and {Colas}, J. and {Cole}, S. and {Colijn}, A.~P. and {Collins}, N.~J. and {Collins-Tooth}, C. and {Collot}, J. and {Colombo}, T. and {Colon}, G. and {Compostella}, G. and {Conde Mui{\~n}o}, P. and {Coniavitis}, E. and {Conidi}, M.~C. and {Consonni}, S.~M. and {Consorti}, V. and {Constantinescu}, S. and {Conta}, C. and {Conti}, G. and {Conventi}, F. and {Cooke}, M. and {Cooper}, B.~D. and {Cooper-Sarkar}, A.~M. and {Cooper-Smith}, N.~J. and {Copic}, K. and {Cornelissen}, T. and {Corradi}, M. and {Corriveau}, F. and {Cortes-Gonzalez}, A. and {Cortiana}, G. and {Costa}, G. and {Costa}, M.~J. and {Costanzo}, D. and {C{\^o}t{\'e}}, D. and {Courneyea}, L. and {Cowan}, G. and {Cowden}, C. and {Cox}, B.~E. and {Cranmer}, K. and {Crescioli}, F. and {Cristinziani}, M. and {Crosetti}, G. and {Cr{\'e}p{\'e}-Renaudin}, S. and {Cuciuc}, C. -M. and {Cuenca Almenar}, C. and {Cuhadar Donszelmann}, T. and {Curatolo}, M. and {Curtis}, C.~J. and {Cuthbert}, C. and {Cwetanski}, P. and {Czirr}, H. and {Czodrowski}, P. and {Czyczula}, Z. and {D'Auria}, S. and {D'Onofrio}, M. and {D'Orazio}, A. and {da Cunha Sargedas de Sousa}, M.~J. and {da Via}, C. and {Dabrowski}, W. and {Dafinca}, A. and {Dai}, T. and {Dallapiccola}, C. and {Dam}, M. and {Dameri}, M. and {Damiani}, D.~S. and {Danielsson}, H.~O. and {Dao}, V. and {Darbo}, G. and {Darlea}, G.~L. and {Dassoulas}, J.~A. and {Davey}, W. and {Davidek}, T. and {Davidson}, N. and {Davidson}, R. and {Davies}, E. and {Davies}, M. and {Davignon}, O. and {Davison}, A.~R. and {Davygora}, Y. and {Dawe}, E. and {Dawson}, I. and {Daya-Ishmukhametova}, R.~K. and {de}, K. and {de Asmundis}, R. and {de Castro}, S. and {de Cecco}, S. and {de Graat}, J. and {de Groot}, N. and {de Jong}, P. and {de La Taille}, C. and {de la Torre}, H. and {de Lorenzi}, F. and {de Mora}, L. and {de Nooij}, L. and {de Pedis}, D. and {de Salvo}, A. and {de Sanctis}, U. and {de Santo}, A. and {de Vivie de Regie}, J.~B. and {de Zorzi}, G. and {Dearnaley}, W.~J. and {Debbe}, R. and {Debenedetti}, C. and {Dechenaux}, B. and {Dedovich}, D.~V. and {Degenhardt}, J. and {Del Papa}, C. and {Del Peso}, J. and {Del Prete}, T. and {Delemontex}, T. and {Deliyergiyev}, M. and {Dell'Acqua}, A. and {Dell'Asta}, L. and {Della Pietra}, M. and {Della Volpe}, D. and {Delmastro}, M. and {Delpierre}, P. and {Delsart}, P.~A. and {Deluca}, C. and {Demers}, S. and {Demichev}, M. and {Demirkoz}, B. and {Deng}, J. and {Denisov}, S.~P. and {Derendarz}, D. and {Derkaoui}, J.~E. and {Derue}, F. and {Dervan}, P. and {Desch}, K. and {Devetak}, E. and {Deviveiros}, P.~O. and {Dewhurst}, A. and {Dewilde}, B. and {Dhaliwal}, S. and {Dhullipudi}, R. and {di Ciaccio}, A. and {di Ciaccio}, L. and {di Donato}, C. and {di Girolamo}, A. and {di Girolamo}, B. and {di Luise}, S. and {di Mattia}, A. and {di Micco}, B. and {di Nardo}, R. and {di Simone}, A. and {di Sipio}, R. and {Diaz}, M.~A. and {Diehl}, E.~B. and {Dietrich}, J. and {Dietzsch}, T.~A. and {Diglio}, S. and {Dindar Yagci}, K. and {Dingfelder}, J. and {Dinut}, F. and {Dionisi}, C. and {Dita}, P. and {Dita}, S. and {Dittus}, F. and {Djama}, F. and {Djobava}, T. and {Do Vale}, M.~A.~B. and {Do Valle Wemans}, A. and {Doan}, T.~K.~O. and {Dobbs}, M. and {Dobinson}, R. and {Dobos}, D. and {Dobson}, E. and {Dodd}, J. and {Doglioni}, C. and {Doherty}, T. and {Doi}, Y. and {Dolejsi}, J. and {Dolenc}, I. and {Dolezal}, Z. and {Dolgoshein}, B.~A. and {Dohmae}, T. and {Donadelli}, M. and {Donini}, J. and {Dopke}, J. and {Doria}, A. and {Dos Anjos}, A. and {Dotti}, A. and {Dova}, M.~T. and {Dowell}, J.~D. and {Doxiadis}, A.~D. and {Doyle}, A.~T. and {Dressnandt}, N. and {Dris}, M. and {Dubbert}, J. and {Dube}, S. and {Duchovni}, E. and {Duckeck}, G. and {Duda}, D. and {Dudarev}, A. and {Dudziak}, F. and {D{\"u}hrssen}, M. and {Duerdoth}, I.~P. and {Duflot}, L. and {Dufour}, M. -A. and {Duguid}, L. and {Dunford}, M. and {Duran Yildiz}, H. and {Duxfield}, R. and {Dwuznik}, M. and {Dydak}, F. and {D{\"u}ren}, M. and {Ebenstein}, W.~L. and {Ebke}, J. and {Eckweiler}, S. and {Edmonds}, K. and {Edson}, W. and {Edwards}, C.~A. and {Edwards}, N.~C. and {Ehrenfeld}, W. and {Eifert}, T. and {Eigen}, G. and {Einsweiler}, K. and {Eisenhandler}, E. and {Ekelof}, T. and {El Kacimi}, M. and {Ellert}, M. and {Elles}, S. and {Ellinghaus}, F. and {Ellis}, K. and {Ellis}, N. and {Elmsheuser}, J. and {Elsing}, M. and {Emeliyanov}, D. and {Engelmann}, R. and {Engl}, A. and {Epp}, B. and {Erdmann}, J. and {Ereditato}, A. and {Eriksson}, D. and {Ernst}, J. and {Ernst}, M. and {Ernwein}, J. and {Errede}, D. and {Errede}, S. and {Ertel}, E. and {Escalier}, M. and {Esch}, H. and {Escobar}, C. and {Espinal Curull}, X. and {Esposito}, B. and {Etienne}, F. and {Etienvre}, A.~I. and {Etzion}, E. and {Evangelakou}, D. and {Evans}, H. and {Fabbri}, L. and {Fabre}, C. and {Fakhrutdinov}, R.~M. and {Falciano}, S. and {Fang}, Y. and {Fanti}, M. and {Farbin}, A. and {Farilla}, A. and {Farley}, J. and {Farooque}, T. and {Farrell}, S. and {Farrington}, S.~M. and {Farthouat}, P. and {Fassi}, F. and {Fassnacht}, P. and {Fassouliotis}, D. and {Fatholahzadeh}, B. and {Favareto}, A. and {Fayard}, L. and {Fazio}, S. and {Febbraro}, R. and {Federic}, P. and {Fedin}, O.~L. and {Fedorko}, W. and {Fehling-Kaschek}, M. and {Feligioni}, L. and {Fellmann}, D. and {Feng}, C. and {Feng}, E.~J. and {Fenyuk}, A.~B. and {Ferencei}, J. and {Fernando}, W. and {Ferrag}, S. and {Ferrando}, J. and {Ferrara}, V. and {Ferrari}, A. and {Ferrari}, P. and {Ferrari}, R. and {Ferreira de Lima}, D.~E. and {Ferrer}, A. and {Ferrere}, D. and {Ferretti}, C. and {Ferretto Parodi}, A. and {Fiascaris}, M. and {Fiedler}, F. and {Filip{\v{c}}i{\v{c}}}, A. and {Filthaut}, F. and {Fincke-Keeler}, M. and {Fiolhais}, M.~C.~N. and {Fiorini}, L. and {Firan}, A. and {Fischer}, G. and {Fisher}, M.~J. and {Flechl}, M. and {Fleck}, I. and {Fleckner}, J. and {Fleischmann}, P. and {Fleischmann}, S. and {Flick}, T. and {Floderus}, A. and {Flores Castillo}, L.~R. and {Flowerdew}, M.~J. and {Fonseca Martin}, T. and {Formica}, A. and {Forti}, A. and {Fortin}, D. and {Fournier}, D. and {Fowler}, A.~J. and {Fox}, H. and {Francavilla}, P. and {Franchini}, M. and {Franchino}, S. and {Francis}, D. and {Frank}, T. and {Franklin}, M. and {Franz}, S. and {Fraternali}, M. and {Fratina}, S. and {French}, S.~T. and {Friedrich}, C. and {Friedrich}, F. and {Froeschl}, R. and {Froidevaux}, D. and {Frost}, J.~A. and {Fukunaga}, C. and {Fullana Torregrosa}, E. and {Fulsom}, B.~G. and {Fuster}, J. and {Gabaldon}, C. and {Gabizon}, O. and {Gadatsch}, S. and {Gadfort}, T. and {Gadomski}, S. and {Gagliardi}, G. and {Gagnon}, P. and {Galea}, C. and {Galhardo}, B. and {Gallas}, E.~J. and {Gallo}, V. and {Gallop}, B.~J. and {Gallus}, P. and {Gan}, K.~K. and {Gao}, Y.~S. and {Gaponenko}, A. and {Garberson}, F. and {Garcia-Sciveres}, M. and {Garc{\'\i}a}, C. and {Garc{\'\i}a Navarro}, J.~E. and {Gardner}, R.~W. and {Garelli}, N. and {Garitaonandia}, H. and {Garonne}, V. and {Gatti}, C. and {Gaudio}, G. and {Gaur}, B. and {Gauthier}, L. and {Gauzzi}, P. and {Gavrilenko}, I.~L. and {Gay}, C. and {Gaycken}, G. and {Gazis}, E.~N. and {Ge}, P. and {Gecse}, Z. and {Gee}, C.~N.~P. and {Geerts}, D.~A.~A. and {Geich-Gimbel}, Ch. and {Gellerstedt}, K. and {Gemme}, C. and {Gemmell}, A. and {Genest}, M.~H. and {Gentile}, S. and {George}, M. and {George}, S. and {Gerlach}, P. and {Gershon}, A. and {Geweniger}, C. and {Ghazlane}, H. and {Ghodbane}, N. and {Giacobbe}, B. and {Giagu}, S. and {Giakoumopoulou}, V. and {Giangiobbe}, V. and {Gianotti}, F. and {Gibbard}, B. and {Gibson}, A. and {Gibson}, S.~M. and {Gilchriese}, M. and {Gildemeister}, O. and {Gillberg}, D. and {Gillman}, A.~R. and {Gingrich}, D.~M. and {Ginzburg}, J. and {Giokaris}, N. and {Giordani}, M.~P. and {Giordano}, R. and {Giorgi}, F.~M. and {Giovannini}, P. and {Giraud}, P.~F. and {Giugni}, D. and {Giunta}, M. and {Giusti}, P. and {Gjelsten}, B.~K. and {Gladilin}, L.~K. and {Glasman}, C. and {Glatzer}, J. and {Glazov}, A. and {Glitza}, K.~W. and {Glonti}, G.~L. and {Goddard}, J.~R. and {Godfrey}, J. and {Godlewski}, J. and {Goebel}, M. and {G{\"o}pfert}, T. and {Goeringer}, C. and {G{\"o}ssling}, C. and {Goldfarb}, S. and {Golling}, T. and {Gomes}, A. and {Gomez Fajardo}, L.~S. and {Gon{\c{c}}alo}, R. and {Goncalves Pinto Firmino da Costa}, J. and {Gonella}, L. and {Gonz{\'a}lez de La Hoz}, S. and {Gonzalez Parra}, G. and {Gonzalez Silva}, M.~L. and {Gonzalez-Sevilla}, S. and {Goodson}, J.~J. and {Goossens}, L. and {Gorbounov}, P.~A. and {Gordon}, H.~A. and {Gorelov}, I. and {Gorfine}, G. and {Gorini}, B. and {Gorini}, E. and {Gori{\v{s}}ek}, A. and {Gornicki}, E. and {Gosdzik}, B. and {Goshaw}, A.~T. and {Gosselink}, M. and {Gostkin}, M.~I. and {Gough Eschrich}, I. and {Gouighri}, M. and {Goujdami}, D. and {Goulette}, M.~P. and {Goussiou}, A.~G. and {Goy}, C. and {Gozpinar}, S. and {Grabowska-Bold}, I. and {Grafstr{\"o}m}, P. and {Grahn}, K. -J. and {Gramstad}, E. and {Grancagnolo}, F. and {Grancagnolo}, S. and {Grassi}, V. and {Gratchev}, V. and {Grau}, N. and {Gray}, H.~M. and {Gray}, J.~A. and {Graziani}, E. and {Grebenyuk}, O.~G. and {Greenshaw}, T. and {Greenwood}, Z.~D. and {Gregersen}, K. and {Gregor}, I.~M. and {Grenier}, P. and {Griffiths}, J. and {Grigalashvili}, N. and {Grillo}, A.~A. and {Grinstein}, S. and {Gris}, Ph. and {Grishkevich}, Y.~V. and {Grivaz}, J. -F. and {Gross}, E. and {Grosse-Knetter}, J. and {Groth-Jensen}, J. and {Grybel}, K. and {Guest}, D. and {Guicheney}, C. and {Guillemin}, T. and {Guindon}, S. and {Gul}, U. and {Gunther}, J. and {Guo}, B. and {Guo}, J. and {Gutierrez}, P. and {Guttman}, N. and {Gutzwiller}, O. and {Guyot}, C. and {Gwenlan}, C. and {Gwilliam}, C.~B. and {Haas}, A. and {Haas}, S. and {Haber}, C. and {Hadavand}, H.~K. and {Hadley}, D.~R. and {Haefner}, P. and {Hahn}, F. and {Haider}, S. and {Hajduk}, Z. and {Hakobyan}, H. and {Hall}, D. and {Haller}, J. and {Hamacher}, K. and {Hamal}, P. and {Hamano}, K. and {Hamer}, M. and {Hamilton}, A. and {Hamilton}, S. and {Han}, L. and {Hanagaki}, K. and {Hanawa}, K. and {Hance}, M. and {Handel}, C. and {Hanke}, P. and {Hansen}, J.~R. and {Hansen}, J.~B. and {Hansen}, J.~D. and {Hansen}, P.~H. and {Hansson}, P. and {Hara}, K. and {Hard}, A.~S. and {Hare}, G.~A. and {Harenberg}, T. and {Harkusha}, S. and {Harper}, D. and {Harrington}, R.~D. and {Harris}, O.~M. and {Hartert}, J. and {Hartjes}, F. and {Haruyama}, T. and {Harvey}, A. and {Hasegawa}, S. and {Hasegawa}, Y. and {Hassani}, S. and {Haug}, S. and {Hauschild}, M. and {Hauser}, R. and {Havranek}, M. and {Hawkes}, C.~M. and {Hawkings}, R.~J. and {Hawkins}, A.~D. and {Hayakawa}, T. and {Hayashi}, T. and {Hayden}, D. and {Hays}, C.~P. and {Hayward}, H.~S. and {Haywood}, S.~J. and {Head}, S.~J. and {Hedberg}, V. and {Heelan}, L. and {Heim}, S. and {Heinemann}, B. and {Heisterkamp}, S. and {Helary}, L. and {Heller}, C. and {Heller}, M. and {Hellman}, S. and {Hellmich}, D. and {Helsens}, C. and {Henderson}, R.~C.~W. and {Henke}, M. and {Henrichs}, A. and {Henriques Correia}, A.~M. and {Henrot-Versille}, S. and {Hensel}, C. and {Hen{\ss}}, T. and {Hernandez}, C.~M. and {Hern{\'a}ndez Jim{\'e}nez}, Y. and {Herrberg}, R. and {Herten}, G. and {Hertenberger}, R. and {Hervas}, L. and {Hesketh}, G.~G. and {Hessey}, N.~P. and {Hig{\'o}n-Rodriguez}, E. and {Hill}, J.~C. and {Hiller}, K.~H. and {Hillert}, S. and {Hillier}, S.~J. and {Hinchliffe}, I. and {Hines}, E. and {Hirose}, M. and {Hirsch}, F. and {Hirschbuehl}, D. and {Hobbs}, J. and {Hod}, N. and {Hodgkinson}, M.~C. and {Hodgson}, P. and {Hoecker}, A. and {Hoeferkamp}, M.~R. and {Hoffman}, J. and {Hoffmann}, D. and {Hohlfeld}, M. and {Holder}, M. and {Holmgren}, S.~O. and {Holy}, T. and {Holzbauer}, J.~L. and {Hong}, T.~M. and {Hooft van Huysduynen}, L. and {Horner}, S. and {Hostachy}, J. -Y. and {Hou}, S. and {Hoummada}, A. and {Howard}, J. and {Howarth}, J. and {Hristova}, I. and {Hrivnac}, J. and {Hryn'ova}, T. and {Hsu}, P.~J. and {Hsu}, S. -C. and {Hu}, D. and {Hubacek}, Z. and {Hubaut}, F. and {Huegging}, F. and {Huettmann}, A. and {Huffman}, T.~B. and {Hughes}, E.~W. and {Hughes}, G. and {Huhtinen}, M. and {Hurwitz}, M. and {Huseynov}, N. and {Huston}, J. and {Huth}, J. and {Iacobucci}, G. and {Iakovidis}, G. and {Ibbotson}, M. and {Ibragimov}, I. and {Iconomidou-Fayard}, L. and {Idarraga}, J. and {Iengo}, P. and {Igonkina}, O. and {Ikegami}, Y. and {Ikeno}, M. and {Iliadis}, D. and {Ilic}, N. and {Ince}, T. and {Inigo-Golfin}, J. and {Ioannou}, P. and {Iodice}, M. and {Iordanidou}, K. and {Ippolito}, V. and {Irles Quiles}, A. and {Isaksson}, C. and {Ishino}, M. and {Ishitsuka}, M. and {Ishmukhametov}, R. and {Issever}, C. and {Istin}, S. and {Ivashin}, A.~V. and {Iwanski}, W. and {Iwasaki}, H. and {Izen}, J.~M. and {Izzo}, V. and {Jackson}, B. and {Jackson}, J.~N. and {Jackson}, P. and {Jaekel}, M.~R. and {Jain}, V. and {Jakobs}, K. and {Jakobsen}, S. and {Jakoubek}, T. and {Jakubek}, J. and {Jamin}, D.~O. and {Jana}, D.~K. and {Jansen}, E. and {Jansen}, H. and {Jantsch}, A. and {Janus}, M. and {Jarlskog}, G. and {Jeanty}, L. and {Jen-La Plante}, I. and {Jennens}, D. and {Jenni}, P. and {Loevschall-Jensen}, A.~E. and {Je{\v{z}}}, P. and {J{\'e}z{\'e}quel}, S. and {Jha}, M.~K. and {Ji}, H. and {Ji}, W. and {Jia}, J. and {Jiang}, Y. and {Jimenez Belenguer}, M. and {Jin}, S. and {Jinnouchi}, O. and {Joergensen}, M.~D. and {Joffe}, D. and {Johansen}, M. and {Johansson}, K.~E. and {Johansson}, P. and {Johnert}, S. and {Johns}, K.~A. and {Jon-And}, K. and {Jones}, G. and {Jones}, R.~W.~L. and {Jones}, T.~J. and {Joram}, C. and {Jorge}, P.~M. and {Joshi}, K.~D. and {Jovicevic}, J. and {Jovin}, T. and {Ju}, X. and {Jung}, C.~A. and {Jungst}, R.~M. and {Juranek}, V. and {Jussel}, P. and {Juste Rozas}, A. and {Kabana}, S. and {Kaci}, M. and {Kaczmarska}, A. and {Kadlecik}, P. and {Kado}, M. and {Kagan}, H. and {Kagan}, M. and {Kajomovitz}, E. and {Kalinin}, S. and {Kalinovskaya}, L.~V. and {Kama}, S. and {Kanaya}, N. and {Kaneda}, M. and {Kaneti}, S. and {Kanno}, T. and {Kantserov}, V.~A. and {Kanzaki}, J. and {Kaplan}, B. and {Kapliy}, A. and {Kaplon}, J. and {Kar}, D. and {Karagounis}, M. and {Karakostas}, K. and {Karnevskiy}, M. and {Kartvelishvili}, V. and {Karyukhin}, A.~N. and {Kashif}, L. and {Kasieczka}, G. and {Kass}, R.~D. and {Kastanas}, A. and {Kataoka}, M. and {Kataoka}, Y. and {Katsoufis}, E. and {Katzy}, J. and {Kaushik}, V. and {Kawagoe}, K. and {Kawamoto}, T. and {Kawamura}, G. and {Kayl}, M.~S. and {Kazama}, S. and {Kazanin}, V.~A. and {Kazarinov}, M.~Y. and {Keeler}, R. and {Keener}, P.~T. and {Kehoe}, R. and {Keil}, M. and {Kekelidze}, G.~D. and {Keller}, J.~S. and {Kenyon}, M. and {Kepka}, O. and {Kerschen}, N. and {Ker{\v{s}}evan}, B.~P. and {Kersten}, S. and {Kessoku}, K. and {Keung}, J. and {Khalil-Zada}, F. and {Khandanyan}, H. and {Khanov}, A. and {Kharchenko}, D. and {Khodinov}, A. and {Khomich}, A. and {Khoo}, T.~J. and {Khoriauli}, G. and {Khoroshilov}, A. and {Khovanskiy}, V. and {Khramov}, E. and {Khubua}, J. and {Kim}, H. and {Kim}, S.~H. and {Kimura}, N. and {Kind}, O. and {King}, B.~T. and {King}, M. and {King}, R.~S.~B. and {Kirk}, J. and {Kiryunin}, A.~E. and {Kishimoto}, T. and {Kisielewska}, D. and {Kitamura}, T. and {Kittelmann}, T. and {Kiuchi}, K. and {Kladiva}, E. and {Klein}, M. and {Klein}, U. and {Kleinknecht}, K. and {Klemetti}, M. and {Klier}, A. and {Klimek}, P. and {Klimentov}, A. and {Klingenberg}, R. and {Klinger}, J.~A. and {Klinkby}, E.~B. and {Klioutchnikova}, T. and {Klok}, P.~F. and {Klous}, S. and {Kluge}, E. -E. and {Kluge}, T. and {Kluit}, P. and {Kluth}, S. and {Kneringer}, E. and {Knoops}, E.~B.~F.~G. and {Knue}, A. and {Ko}, B.~R. and {Kobayashi}, T. and {Kobel}, M. and {Kocian}, M. and {Kodys}, P. and {K{\"o}neke}, K. and {K{\"o}nig}, A.~C. and {Koenig}, S. and {K{\"o}pke}, L. and {Koetsveld}, F. and {Koevesarki}, P. and {Koffas}, T. and {Koffeman}, E. and {Kogan}, L.~A. and {Kohlmann}, S. and {Kohn}, F. and {Kohout}, Z. and {Kohriki}, T. and {Koi}, T. and {Kolachev}, G.~M. and {Kolanoski}, H. and {Kolesnikov}, V. and {Koletsou}, I. and {Koll}, J. and {Komar}, A.~A. and {Komori}, Y. and {Kondo}, T. and {Kono}, T. and {Kononov}, A.~I. and {Konoplich}, R. and {Konstantinidis}, N. and {Kopeliansky}, R. and {Koperny}, S. and {Korcyl}, K. and {Kordas}, K. and {Korn}, A. and {Korol}, A. and {Korolkov}, I. and {Korolkova}, E.~V. and {Korotkov}, V.~A. and {Kortner}, O. and {Kortner}, S. and {Kostyukhin}, V.~V. and {Kotov}, S. and {Kotov}, V.~M. and {Kotwal}, A. and {Kourkoumelis}, C. and {Kouskoura}, V. and {Koutsman}, A. and {Kowalewski}, R. and {Kowalski}, T.~Z. and {Kozanecki}, W. and {Kozhin}, A.~S. and {Kral}, V. and {Kramarenko}, V.~A. and {Kramberger}, G. and {Krasny}, M.~W. and {Krasznahorkay}, A. and {Kraus}, J.~K. and {Kreiss}, S. and {Krejci}, F. and {Kretzschmar}, J. and {Krieger}, N. and {Krieger}, P. and {Kroeninger}, K. and {Kroha}, H. and {Kroll}, J. and {Kroseberg}, J. and {Krstic}, J. and {Kruchonak}, U. and {Kr{\"u}ger}, H. and {Kruker}, T. and {Krumnack}, N. and {Krumshteyn}, Z.~V. and {Kruse}, A. and {Kubota}, T. and {Kuday}, S. and {Kuehn}, S. and {Kugel}, A. and {Kuhl}, T. and {Kuhn}, D. and {Kukhtin}, V. and {Kulchitsky}, Y. and {Kuleshov}, S. and {Kummer}, C. and {Kuna}, M. and {Kunkle}, J. and {Kupco}, A. and {Kurashige}, H. and {Kurata}, M. and {Kurochkin}, Y.~A. and {Kus}, V. and {Kuwertz}, E.~S. and {Kuze}, M. and {Kvita}, J. and {Kwee}, R. and {La Rosa}, A. and {La Rotonda}, L. and {Labarga}, L. and {Labbe}, J. and {Lablak}, S. and {Lacasta}, C. and {Lacava}, F. and {Lacey}, J. and {Lacker}, H. and {Lacour}, D. and {Lacuesta}, V.~R. and {Ladygin}, E. and {Lafaye}, R. and {Laforge}, B. and {Lagouri}, T. and {Lai}, S. and {Laisne}, E. and {Lamanna}, M. and {Lambourne}, L. and {Lampen}, C.~L. and {Lampl}, W. and {Lancon}, E. and {Landgraf}, U. and {Landon}, M.~P.~J. and {Lang}, V.~S. and {Lange}, C. and {Lankford}, A.~J. and {Lanni}, F. and {Lantzsch}, K. and {Laplace}, S. and {Lapoire}, C. and {Laporte}, J.~F. and {Lari}, T. and {Larner}, A. and {Lassnig}, M. and {Laurelli}, P. and {Lavorini}, V. and {Lavrijsen}, W. and {Laycock}, P. and {Lazovich}, T. and {Le Dortz}, O. and {Le Guirriec}, E. and {Le Menedeu}, E. and {Lecompte}, T. and {Ledroit-Guillon}, F. and {Lee}, H. and {Lee}, J.~S.~H. and {Lee}, S.~C. and {Lee}, L. and {Lefebvre}, M. and {Legendre}, M. and {Legger}, F. and {Leggett}, C. and {Lehmacher}, M. and {Lehmann Miotto}, G. and {Lei}, X. and {Leite}, M.~A.~L. and {Leitner}, R. and {Lellouch}, D. and {Lemmer}, B. and {Lendermann}, V. and {Leney}, K.~J.~C. and {Lenz}, T. and {Lenzen}, G. and {Lenzi}, B. and {Leonhardt}, K. and {Leontsinis}, S. and {Lepold}, F. and {Leroy}, C. and {Lessard}, J. -R. and {Lester}, C.~G. and {Lester}, C.~M. and {Lev{\^e}que}, J. and {Levin}, D. and {Levinson}, L.~J. and {Lewis}, A. and {Lewis}, G.~H. and {Leyko}, A.~M. and {Leyton}, M. and {Li}, B. and {Li}, H. and {Li}, H.~L. and {Li}, S. and {Li}, X. and {Liang}, Z. and {Liao}, H. and {Liberti}, B. and {Lichard}, P. and {Lichtnecker}, M. and {Lie}, K. and {Liebig}, W. and {Limbach}, C. and {Limosani}, A. and {Limper}, M. and {Lin}, S.~C. and {Linde}, F. and {Linnemann}, J.~T. and {Lipeles}, E. and {Lipniacka}, A. and {Liss}, T.~M. and {Lissauer}, D. and {Lister}, A. and {Litke}, A.~M. and {Liu}, C. and {Liu}, D. and {Liu}, H. and {Liu}, J.~B. and {Liu}, K. and {Liu}, L. and {Liu}, M. and {Liu}, Y. and {Livan}, M. and {Livermore}, S.~S.~A. and {Lleres}, A. and {Llorente Merino}, J. and {Lloyd}, S.~L. and {Lobodzinska}, E. and {Loch}, P. and {Lockman}, W.~S. and {Loddenkoetter}, T. and {Loebinger}, F.~K. and {Loginov}, A. and {Loh}, C.~W. and {Lohse}, T. and {Lohwasser}, K. and {Lokajicek}, M. and {Lombardo}, V.~P. and {Long}, J.~D. and {Long}, R.~E. and {Lopes}, L. and {Lopez Mateos}, D. and {Lorenz}, J. and {Lorenzo Martinez}, N. and {Losada}, M. and {Loscutoff}, P. and {Lo Sterzo}, F. and {Losty}, M.~J. and {Lou}, X. and {Lounis}, A. and {Loureiro}, K.~F. and {Love}, J. and {Love}, P.~A. and {Lowe}, A.~J. and {Lu}, F. and {Lubatti}, H.~J. and {Luci}, C. and {Lucotte}, A. and {Ludwig}, A. and {Ludwig}, D. and {Ludwig}, I. and {Ludwig}, J. and {Luehring}, F. and {Luijckx}, G. and {Lukas}, W. and {Luminari}, L. and {Lund}, E. and {Lund-Jensen}, B. and {Lundberg}, B. and {Lundberg}, J. and {Lundberg}, O. and {Lundquist}, J. and {Lungwitz}, M. and {Lynn}, D. and {Lytken}, E. and {Ma}, H. and {Ma}, L.~L. and {Maccarrone}, G. and {Macchiolo}, A. and {Ma{\v{c}}ek}, B. and {Machado Miguens}, J. and {Mackeprang}, R. and {Madaras}, R.~J. and {Maddocks}, H.~J. and {Mader}, W.~F. and {Maenner}, R. and {Maeno}, T. and {M{\"a}ttig}, P. and {M{\"a}ttig}, S. and {Magnoni}, L. and {Magradze}, E. and {Mahboubi}, K. and {Mahlstedt}, J. and {Mahmoud}, S. and {Mahout}, G. and {Maiani}, C. and {Maidantchik}, C. and {Maio}, A. and {Majewski}, S. and {Makida}, Y. and {Makovec}, N. and {Mal}, P. and {Malaescu}, B. and {Malecki}, Pa. and {Malecki}, P. and {Maleev}, V.~P. and {Malek}, F. and {Mallik}, U. and {Malon}, D. and {Malone}, C. and {Maltezos}, S. and {Malyshev}, V. and {Malyukov}, S. and {Mameghani}, R. and {Mamuzic}, J. and {Manabe}, A. and {Mandelli}, L. and {Mandi{\'c}}, I. and {Mandrysch}, R. and {Maneira}, J. and {Manfredini}, A. and {Mangeard}, P.~S. and {Manhaes de Andrade Filho}, L. and {Manjarres Ramos}, J.~A. and {Mann}, A. and {Manning}, P.~M. and {Manousakis-Katsikakis}, A. and {Mansoulie}, B. and {Mapelli}, A. and {Mapelli}, L. and {March}, L. and {Marchand}, J.~F. and {Marchese}, F. and {Marchiori}, G. and {Marcisovsky}, M. and {Marino}, C.~P. and {Marroquim}, F. and {Marshall}, Z. and {Martens}, F.~K. and {Marti}, L.~F. and {Marti-Garcia}, S. and {Martin}, B. and {Martin}, B. and {Martin}, J.~P. and {Martin}, T.~A. and {Martin}, V.~J. and {Martin Dit Latour}, B. and {Martin-Haugh}, S. and {Martinez}, M. and {Martinez Outschoorn}, V. and {Martyniuk}, A.~C. and {Marx}, M. and {Marzano}, F. and {Marzin}, A. and {Masetti}, L. and {Mashimo}, T. and {Mashinistov}, R. and {Masik}, J. and {Maslennikov}, A.~L. and {Massa}, I. and {Massaro}, G. and {Massol}, N. and {Mastrandrea}, P. and {Mastroberardino}, A. and {Masubuchi}, T. and {Matricon}, P. and {Matsunaga}, H. and {Matsushita}, T. and {Mattravers}, C. and {Maurer}, J. and {Maxfield}, S.~J. and {Mayne}, A. and {Mazini}, R. and {Mazur}, M. and {Mazzaferro}, L. and {Mazzanti}, M. and {Mc Donald}, J. and {Mc Kee}, S.~P. and {McCarn}, A. and {McCarthy}, R.~L. and {McCarthy}, T.~G. and {McCubbin}, N.~A. and {McFarlane}, K.~W. and {McFayden}, J.~A. and {McHedlidze}, G. and {McLaughlan}, T. and {McMahon}, S.~J. and {McPherson}, R.~A. and {Meade}, A. and {Mechnich}, J. and {Mechtel}, M. and {Medinnis}, M. and {Meera-Lebbai}, R. and {Meguro}, T. and {Mehdiyev}, R. and {Mehlhase}, S. and {Mehta}, A. and {Meier}, K. and {Meirose}, B. and {Melachrinos}, C. and {Mellado Garcia}, B.~R. and {Meloni}, F. and {Mendoza Navas}, L. and {Meng}, Z. and {Mengarelli}, A. and {Menke}, S. and {Meoni}, E. and {Mercurio}, K.~M. and {Mermod}, P. and {Merola}, L. and {Meroni}, C. and {Merritt}, F.~S. and {Merritt}, H. and {Messina}, A. and {Metcalfe}, J. and {Mete}, A.~S. and {Meyer}, C. and {Meyer}, C. and {Meyer}, J. -P. and {Meyer}, J. and {Meyer}, J. and {Meyer}, T.~C. and {Michal}, S. and {Micu}, L. and {Middleton}, R.~P. and {Migas}, S. and {Mijovi{\'c}}, L. and {Mikenberg}, G. and {Mikestikova}, M. and {Miku{\v{z}}}, M. and {Miller}, D.~W. and {Miller}, R.~J. and {Mills}, W.~J. and {Mills}, C. and {Milov}, A. and {Milstead}, D.~A. and {Milstein}, D. and {Minaenko}, A.~A. and {Mi{\~n}ano Moya}, M. and {Minashvili}, I.~A. and {Mincer}, A.~I. and {Mindur}, B. and {Mineev}, M. and {Ming}, Y. and {Mir}, L.~M. and {Mirabelli}, G. and {Mitrevski}, J. and {Mitsou}, V.~A. and {Mitsui}, S. and {Miyagawa}, P.~S. and {Mj{\"o}rnmark}, J.~U. and {Moa}, T. and {Moeller}, V. and {M{\"o}nig}, K. and {M{\"o}ser}, N. and {Mohapatra}, S. and {Mohr}, W. and {Moles-Valls}, R. and {Molfetas}, A. and {Monk}, J. and {Monnier}, E. and {Montejo Berlingen}, J. and {Monticelli}, F. and {Monzani}, S. and {Moore}, R.~W. and {Moorhead}, G.~F. and {Mora Herrera}, C. and {Moraes}, A. and {Morange}, N. and {Morel}, J. and {Morello}, G. and {Moreno}, D. and {Moreno Ll{\'a}cer}, M. and {Morettini}, P. and {Morgenstern}, M. and {Morii}, M. and {Morley}, A.~K. and {Mornacchi}, G. and {Morris}, J.~D. and {Morvaj}, L. and {Moser}, H.~G. and {Mosidze}, M. and {Moss}, J. and {Mount}, R. and {Mountricha}, E. and {Mouraviev}, S.~V. and {Moyse}, E.~J.~W. and {Mueller}, F. and {Mueller}, J. and {Mueller}, K. and {M{\"u}ller}, T.~A. and {Mueller}, T. and {Muenstermann}, D. and {Munwes}, Y. and {Murray}, W.~J. and {Mussche}, I. and {Musto}, E. and {Myagkov}, A.~G. and {Myska}, M. and {Nackenhorst}, O. and {Nadal}, J. and {Nagai}, K. and {Nagai}, R. and {Nagano}, K. and {Nagarkar}, A. and {Nagasaka}, Y. and {Nagel}, M. and {Nairz}, A.~M. and {Nakahama}, Y. and {Nakamura}, K. and {Nakamura}, T. and {Nakano}, I. and {Nanava}, G. and {Napier}, A. and {Narayan}, R. and {Nash}, M. and {Nattermann}, T. and {Naumann}, T. and {Navarro}, G. and {Neal}, H.~A. and {Nechaeva}, P. Yu. and {Neep}, T.~J. and {Negri}, A. and {Negri}, G. and {Negrini}, M. and {Nektarijevic}, S. and {Nelson}, A. and {Nelson}, T.~K. and {Nemecek}, S. and {Nemethy}, P. and {Nepomuceno}, A.~A. and {Nessi}, M. and {Neubauer}, M.~S. and {Neumann}, M. and {Neusiedl}, A. and {Neves}, R.~M. and {Nevski}, P. and {Newcomer}, F.~M. and {Newman}, P.~R. and {Nguyen Thi Hong}, V. and {Nickerson}, R.~B. and {Nicolaidou}, R. and {Nicquevert}, B. and {Niedercorn}, F. and {Nielsen}, J. and {Nikiforou}, N. and {Nikiforov}, A. and {Nikolaenko}, V. and {Nikolic-Audit}, I. and {Nikolics}, K. and {Nikolopoulos}, K. and {Nilsen}, H. and {Nilsson}, P. and {Ninomiya}, Y. and {Nisati}, A. and {Nisius}, R. and {Nobe}, T. and {Nodulman}, L. and {Nomachi}, M. and {Nomidis}, I. and {Norberg}, S. and {Nordberg}, M. and {Norton}, P.~R. and {Novakova}, J. and {Nozaki}, M. and {Nozka}, L. and {Nugent}, I.~M. and {Nuncio-Quiroz}, A. -E. and {Nunes Hanninger}, G. and {Nunnemann}, T. and {Nurse}, E. and {O'Brien}, B.~J. and {O'Neil}, D.~C. and {O'Shea}, V. and {Oakes}, L.~B. and {Oakham}, F.~G. and {Oberlack}, H. and {Ocariz}, J. and {Ochi}, A. and {Oda}, S. and {Odaka}, S. and {Odier}, J. and {Ogren}, H. and {Oh}, A. and {Oh}, S.~H. and {Ohm}, C.~C. and {Ohshima}, T. and {Okamura}, W. and {Okawa}, H. and {Okumura}, Y. and {Okuyama}, T. and {Olariu}, A. and {Olchevski}, A.~G. and {Olivares Pino}, S.~A. and {Oliveira}, M. and {Oliveira Damazio}, D. and {Oliver Garcia}, E. and {Olivito}, D. and {Olszewski}, A. and {Olszowska}, J. and {Onofre}, A. and {Onyisi}, P.~U.~E. and {Oram}, C.~J. and {Oreglia}, M.~J. and {Oren}, Y. and {Orestano}, D. and {Orlando}, N. and {Orlov}, I. and {Oropeza Barrera}, C. and {Orr}, R.~S. and {Osculati}, B. and {Ospanov}, R. and {Osuna}, C. and {Otero Y Garzon}, G. and {Ottersbach}, J.~P. and {Ouchrif}, M. and {Ouellette}, E.~A. and {Ould-Saada}, F. and {Ouraou}, A. and {Ouyang}, Q. and {Ovcharova}, A. and {Owen}, M. and {Owen}, S. and {Ozcan}, V.~E. and {Ozturk}, N. and {Pacheco Pages}, A. and {Padilla Aranda}, C. and {Pagan Griso}, S. and {Paganis}, E. and {Pahl}, C. and {Paige}, F. and {Pais}, P. and {Pajchel}, K. and {Palacino}, G. and {Paleari}, C.~P. and {Palestini}, S. and {Pallin}, D. and {Palma}, A. and {Palmer}, J.~D. and {Pan}, Y.~B. and {Panagiotopoulou}, E. and {Panduro Vazquez}, J.~G. and {Pani}, P. and {Panikashvili}, N. and {Panitkin}, S. and {Pantea}, D. and {Papadelis}, A. and {Papadopoulou}, Th. D. and {Paramonov}, A. and {Paredes Hernandez}, D. and {Park}, W. and {Parker}, M.~A. and {Parodi}, F. and {Parsons}, J.~A. and {Parzefall}, U. and {Pashapour}, S. and {Pasqualucci}, E. and {Passaggio}, S. and {Passeri}, A. and {Pastore}, F. and {Pastore}, Fr. and {P{\'a}sztor}, G. and {Pataraia}, S. and {Patel}, N. and {Pater}, J.~R. and {Patricelli}, S. and {Pauly}, T. and {Pecsy}, M. and {Pedraza Lopez}, S. and {Pedraza Morales}, M.~I. and {Peleganchuk}, S.~V. and {Pelikan}, D. and {Peng}, H. and {Penning}, B. and {Penson}, A. and {Penwell}, J. and {Perantoni}, M. and {Perez}, K. and {Perez Cavalcanti}, T. and {Perez Codina}, E. and {P{\'e}rez Garc{\'\i}a-Esta{\~n}}, M.~T. and {Perez Reale}, V. and {Perini}, L. and {Pernegger}, H. and {Perrino}, R. and {Perrodo}, P. and {Peshekhonov}, V.~D. and {Peters}, K. and {Petersen}, B.~A. and {Petersen}, J. and {Petersen}, T.~C. and {Petit}, E. and {Petridis}, A. and {Petridou}, C. and {Petrolo}, E. and {Petrucci}, F. and {Petschull}, D. and {Petteni}, M. and {Pezoa}, R. and {Phan}, A. and {Phillips}, P.~W. and {Piacquadio}, G. and {Picazio}, A. and {Piccaro}, E. and {Piccinini}, M. and {Piec}, S.~M. and {Piegaia}, R. and {Pignotti}, D.~T. and {Pilcher}, J.~E. and {Pilkington}, A.~D. and {Pina}, J. and {Pinamonti}, M. and {Pinder}, A. and {Pinfold}, J.~L. and {Pinto}, B. and {Pizio}, C. and {Plamondon}, M. and {Pleier}, M. -A. and {Plotnikova}, E. and {Poblaguev}, A. and {Poddar}, S. and {Podlyski}, F. and {Poggioli}, L. and {Pohl}, D. and {Pohl}, M. and {Polesello}, G. and {Policicchio}, A. and {Polifka}, R. and {Polini}, A. and {Poll}, J. and {Polychronakos}, V. and {Pomeroy}, D. and {Pomm{\`e}s}, K. and {Pontecorvo}, L. and {Pope}, B.~G. and {Popeneciu}, G.~A. and {Popovic}, D.~S. and {Poppleton}, A. and {Portell Bueso}, X. and {Pospelov}, G.~E. and {Pospisil}, S. and {Potrap}, I.~N. and {Potter}, C.~J. and {Potter}, C.~T. and {Poulard}, G. and {Poveda}, J. and {Pozdnyakov}, V. and {Prabhu}, R. and {Pralavorio}, P. and {Pranko}, A. and {Prasad}, S. and {Pravahan}, R. and {Prell}, S. and {Pretzl}, K. and {Price}, D. and {Price}, J. and {Price}, L.~E. and {Prieur}, D. and {Primavera}, M. and {Prokofiev}, K. and {Prokoshin}, F. and {Protopopescu}, S. and {Proudfoot}, J. and {Prudent}, X. and {Przybycien}, M. and {Przysiezniak}, H. and {Psoroulas}, S. and {Ptacek}, E. and {Pueschel}, E. and {Purdham}, J. and {Purohit}, M. and {Puzo}, P. and {Pylypchenko}, Y. and {Qian}, J. and {Quadt}, A. and {Quarrie}, D.~R. and {Quayle}, W.~B. and {Quinonez}, F. and {Raas}, M. and {Raddum}, S. and {Radeka}, V. and {Radescu}, V. and {Radloff}, P. and {Rador}, T. and {Ragusa}, F. and {Rahal}, G. and {Rahimi}, A.~M. and {Rahm}, D. and {Rajagopalan}, S. and {Rammensee}, M. and {Rammes}, M. and {Randle-Conde}, A.~S. and {Randrianarivony}, K. and {Rauscher}, F. and {Rave}, T.~C. and {Raymond}, M. and {Read}, A.~L. and {Rebuzzi}, D.~M. and {Redelbach}, A. and {Redlinger}, G. and {Reece}, R. and {Reeves}, K. and {Reinherz-Aronis}, E. and {Reinsch}, A. and {Reisinger}, I. and {Rembser}, C. and {Ren}, Z.~L. and {Renaud}, A. and {Rescigno}, M. and {Resconi}, S. and {Resende}, B. and {Reznicek}, P. and {Rezvani}, R. and {Richter}, R. and {Richter-Was}, E. and {Ridel}, M. and {Rijpstra}, M. and {Rijssenbeek}, M. and {Rimoldi}, A. and {Rinaldi}, L. and {Rios}, R.~R. and {Riu}, I. and {Rivoltella}, G. and {Rizatdinova}, F. and {Rizvi}, E. and {Robertson}, S.~H. and {Robichaud-Veronneau}, A. and {Robinson}, D. and {Robinson}, J.~E.~M. and {Robson}, A. and {Rocha de Lima}, J.~G. and {Roda}, C. and {Roda Dos Santos}, D. and {Roe}, A. and {Roe}, S. and {R{\o}hne}, O. and {Rolli}, S. and {Romaniouk}, A. and {Romano}, M. and {Romeo}, G. and {Romero Adam}, E. and {Rompotis}, N. and {Roos}, L. and {Ros}, E. and {Rosati}, S. and {Rosbach}, K. and {Rose}, A. and {Rose}, M. and {Rosenbaum}, G.~A. and {Rosenberg}, E.~I. and {Rosendahl}, P.~L. and {Rosenthal}, O. and {Rosselet}, L. and {Rossetti}, V. and {Rossi}, E. and {Rossi}, L.~P. and {Rotaru}, M. and {Roth}, I. and {Rothberg}, J. and {Rousseau}, D. and {Royon}, C.~R. and {Rozanov}, A. and {Rozen}, Y. and {Ruan}, X. and {Rubbo}, F. and {Rubinskiy}, I. and {Ruckstuhl}, N. and {Rud}, V.~I. and {Rudolph}, C. and {Rudolph}, G. and {R{\"u}hr}, F. and {Ruiz-Martinez}, A. and {Rumyantsev}, L. and {Rurikova}, Z. and {Rusakovich}, N.~A. and {Rutherfoord}, J.~P. and {Ruzicka}, P. and {Ryabov}, Y.~F. and {Rybar}, M. and {Rybkin}, G. and {Ryder}, N.~C. and {Saavedra}, A.~F. and {Sadeh}, I. and {Sadrozinski}, H.~F. -W. and {Sadykov}, R. and {Safai Tehrani}, F. and {Sakamoto}, H. and {Salamanna}, G. and {Salamon}, A. and {Saleem}, M. and {Salek}, D. and {Salihagic}, D. and {Salnikov}, A. and {Salt}, J. and {Salvachua Ferrando}, B.~M. and {Salvatore}, D. and {Salvatore}, F. and {Salvucci}, A. and {Salzburger}, A. and {Sampsonidis}, D. and {Samset}, B.~H. and {Sanchez}, A. and {Sanchez Martinez}, V. and {Sandaker}, H. and {Sander}, H.~G. and {Sanders}, M.~P. and {Sandhoff}, M. and {Sandoval}, T. and {Sandoval}, C. and {Sandstroem}, R. and {Sankey}, D.~P.~C. and {Sansoni}, A. and {Santamarina Rios}, C. and {Santoni}, C. and {Santonico}, R. and {Santos}, H. and {Saraiva}, J.~G. and {Sarangi}, T. and {Sarkisyan-Grinbaum}, E. and {Sarri}, F. and {Sartisohn}, G. and {Sasaki}, O. and {Sasaki}, Y. and {Sasao}, N. and {Satsounkevitch}, I. and {Sauvage}, G. and {Sauvan}, E. and {Sauvan}, J.~B. and {Savard}, P. and {Savinov}, V. and {Savu}, D.~O. and {Sawyer}, L. and {Saxon}, D.~H. and {Saxon}, J. and {Sbarra}, C. and {Sbrizzi}, A. and {Scannicchio}, D.~A. and {Scarcella}, M. and {Schaarschmidt}, J. and {Schacht}, P. and {Schaefer}, D. and {Sch{\"a}fer}, U. and {Schaelicke}, A. and {Schaepe}, S. and {Schaetzel}, S. and {Schaffer}, A.~C. and {Schaile}, D. and {Schamberger}, R.~D. and {Schamov}, A.~G. and {Scharf}, V. and {Schegelsky}, V.~A. and {Scheirich}, D. and {Schernau}, M. and {Scherzer}, M.~I. and {Schiavi}, C. and {Schieck}, J. and {Schioppa}, M. and {Schlenker}, S. and {Schmid}, P. and {Schmidt}, E. and {Schmieden}, K. and {Schmitt}, C. and {Schmitt}, S. and {Schmitz}, M. and {Schneider}, B. and {Schnoor}, U. and {Schoeffel}, L. and {Schoening}, A. and {Schorlemmer}, A.~L.~S. and {Schott}, M. and {Schouten}, D. and {Schovancova}, J. and {Schram}, M. and {Schroeder}, C. and {Schroer}, N. and {Schultens}, M.~J. and {Schultes}, J. and {Schultz-Coulon}, H. -C. and {Schulz}, H. and {Schumacher}, M. and {Schumm}, B.~A. and {Schune}, Ph. and {Schwanenberger}, C. and {Schwartzman}, A. and {Schwegler}, Ph. and {Schwemling}, Ph. and {Schwienhorst}, R. and {Schwierz}, R. and {Schwindling}, J. and {Schwindt}, T. and {Schwoerer}, M. and {Sciolla}, G. and {Scott}, W.~G. and {Searcy}, J. and {Sedov}, G. and {Sedykh}, E. and {Seidel}, S.~C. and {Seiden}, A. and {Seifert}, F. and {Seixas}, J.~M. and {Sekhniaidze}, G. and {Sekula}, S.~J. and {Selbach}, K.~E. and {Seliverstov}, D.~M. and {Sellden}, B. and {Sellers}, G. and {Seman}, M. and {Semprini-Cesari}, N. and {Serfon}, C. and {Serin}, L. and {Serkin}, L. and {Seuster}, R. and {Severini}, H. and {Sfyrla}, A. and {Shabalina}, E. and {Shamim}, M. and {Shan}, L.~Y. and {Shank}, J.~T. and {Shao}, Q.~T. and {Shapiro}, M. and {Shatalov}, P.~B. and {Shaw}, K. and {Sherman}, D. and {Sherwood}, P. and {Shimizu}, S. and {Shimojima}, M. and {Shin}, T. and {Shiyakova}, M. and {Shmeleva}, A. and {Shochet}, M.~J. and {Short}, D. and {Shrestha}, S. and {Shulga}, E. and {Shupe}, M.~A. and {Sicho}, P. and {Sidoti}, A. and {Siegert}, F. and {Sijacki}, Dj. and {Silbert}, O. and {Silva}, J. and {Silver}, Y. and {Silverstein}, D. and {Silverstein}, S.~B. and {Simak}, V. and {Simard}, O. and {Simic}, Lj. and {Simion}, S. and {Simioni}, E. and {Simmons}, B. and {Simoniello}, R. and {Simonyan}, M. and {Sinervo}, P. and {Sinev}, N.~B. and {Sipica}, V. and {Siragusa}, G. and {Sircar}, A. and {Sisakyan}, A.~N. and {Sivoklokov}, S. Yu. and {Sj{\"o}lin}, J. and {Sjursen}, T.~B. and {Skinnari}, L.~A. and {Skottowe}, H.~P. and {Skovpen}, K. and {Skubic}, P. and {Slater}, M. and {Slavicek}, T. and {Sliwa}, K. and {Smakhtin}, V. and {Smart}, B.~H. and {Smestad}, L. and {Smirnov}, S. Yu. and {Smirnov}, Y. and {Smirnova}, L.~N. and {Smirnova}, O. and {Smith}, B.~C. and {Smith}, D. and {Smith}, K.~M. and {Smizanska}, M. and {Smolek}, K. and {Snesarev}, A.~A. and {Snow}, S.~W. and {Snow}, J. and {Snyder}, S. and {Sobie}, R. and {Sodomka}, J. and {Soffer}, A. and {Solans}, C.~A. and {Solar}, M. and {Solc}, J. and {Soldatov}, E. Yu. and {Soldevila}, U. and {Solfaroli Camillocci}, E. and {Solodkov}, A.~A. and {Solovyanov}, O.~V. and {Solovyev}, V. and {Soni}, N. and {Sopko}, V. and {Sopko}, B. and {Sosebee}, M. and {Soualah}, R. and {Soukharev}, A. and {Spagnolo}, S. and {Span{\`o}}, F. and {Spearman}, W.~R. and {Spighi}, R. and {Spigo}, G. and {Spiwoks}, R. and {Spousta}, M. and {Spreitzer}, T. and {Spurlock}, B. and {St. Denis}, R.~D. and {Stahlman}, J. and {Stamen}, R. and {Stanecka}, E. and {Stanek}, R.~W. and {Stanescu}, C. and {Stanescu-Bellu}, M. and {Stanitzki}, M.~M. and {Stapnes}, S. and {Starchenko}, E.~A. and {Stark}, J. and {Staroba}, P. and {Starovoitov}, P. and {Staszewski}, R. and {Staude}, A. and {Stavina}, P. and {Steele}, G. and {Steinbach}, P. and {Steinberg}, P. and {Stekl}, I. and {Stelzer}, B. and {Stelzer}, H.~J. and {Stelzer-Chilton}, O. and {Stenzel}, H. and {Stern}, S. and {Stewart}, G.~A. and {Stillings}, J.~A. and {Stockton}, M.~C. and {Stoerig}, K. and {Stoicea}, G. and {Stonjek}, S. and {Strachota}, P. and {Stradling}, A.~R. and {Straessner}, A. and {Strandberg}, J. and {Strandberg}, S. and {Strandlie}, A. and {Strang}, M. and {Strauss}, E. and {Strauss}, M. and {Strizenec}, P. and {Str{\"o}hmer}, R. and {Strom}, D.~M. and {Strong}, J.~A. and {Stroynowski}, R. and {Stugu}, B. and {Stumer}, I. and {Stupak}, J. and {Sturm}, P. and {Styles}, N.~A. and {Soh}, D.~A. and {Su}, D. and {Subramania}, Hs. and {Subramaniam}, R. and {Succurro}, A. and {Sugaya}, Y. and {Suhr}, C. and {Suk}, M. and {Sulin}, V.~V. and {Sultansoy}, S. and {Sumida}, T. and {Sun}, X. and {Sundermann}, J.~E. and {Suruliz}, K. and {Susinno}, G. and {Sutton}, M.~R. and {Suzuki}, Y. and {Suzuki}, Y. and {Svatos}, M. and {Swedish}, S. and {Sykora}, I. and {Sykora}, T. and {S{\'a}nchez}, J. and {Ta}, D. and {Tackmann}, K. and {Taffard}, A. and {Tafirout}, R. and {Taiblum}, N. and {Takahashi}, Y. and {Takai}, H. and {Takashima}, R. and {Takeda}, H. and {Takeshita}, T. and {Takubo}, Y. and {Talby}, M. and {Talyshev}, A. and {Tamsett}, M.~C. and {Tan}, K.~G. and {Tanaka}, J. and {Tanaka}, R. and {Tanaka}, S. and {Tanaka}, S. and {Tanasijczuk}, A.~J. and {Tani}, K. and {Tannoury}, N. and {Tapprogge}, S. and {Tardif}, D. and {Tarem}, S. and {Tarrade}, F. and {Tartarelli}, G.~F. and {Tas}, P. and {Tasevsky}, M. and {Tassi}, E. and {Tatarkhanov}, M. and {Tayalati}, Y. and {Taylor}, C. and {Taylor}, F.~E. and {Taylor}, G.~N. and {Taylor}, W. and {Teinturier}, M. and {Teischinger}, F.~A. and {Teixeira Dias Castanheira}, M. and {Teixeira-Dias}, P. and {Temming}, K.~K. and {Ten Kate}, H. and {Teng}, P.~K. and {Terada}, S. and {Terashi}, K. and {Terron}, J. and {Testa}, M. and {Teuscher}, R.~J. and {Therhaag}, J. and {Theveneaux-Pelzer}, T. and {Thoma}, S. and {Thomas}, J.~P. and {Thompson}, E.~N. and {Thompson}, P.~D. and {Thompson}, P.~D. and {Thompson}, A.~S. and {Thomsen}, L.~A. and {Thomson}, E. and {Thomson}, M. and {Thong}, W.~M. and {Thun}, R.~P. and {Tian}, F. and {Tibbetts}, M.~J. and {Tic}, T. and {Tikhomirov}, V.~O. and {Tikhonov}, Y.~A. and {Timoshenko}, S. and {Tiouchichine}, E. and {Tipton}, P. and {Tisserant}, S. and {Todorov}, T. and {Todorova-Nova}, S. and {Toggerson}, B. and {Tojo}, J. and {Tok{\'a}r}, S. and {Tokushuku}, K. and {Tollefson}, K. and {Tomoto}, M. and {Tompkins}, L. and {Toms}, K. and {Tonoyan}, A. and {Topfel}, C. and {Topilin}, N.~D. and {Torchiani}, I. and {Torrence}, E. and {Torres}, H. and {Torr{\'o} Pastor}, E. and {Toth}, J. and {Touchard}, F. and {Tovey}, D.~R. and {Trefzger}, T. and {Tremblet}, L. and {Tricoli}, A. and {Trigger}, I.~M. and {Trilling}, G. and {Trincaz-Duvoid}, S. and {Tripiana}, M.~F. and {Triplett}, N. and {Trischuk}, W. and {Trocm{\'e}}, B. and {Troncon}, C. and {Trottier-McDonald}, M. and {Trzebinski}, M. and {Trzupek}, A. and {Tsarouchas}, C. and {Tseng}, J.~C. -L. and {Tsiakiris}, M. and {Tsiareshka}, P.~V. and {Tsionou}, D. and {Tsipolitis}, G. and {Tsiskaridze}, S. and {Tsiskaridze}, V. and {Tskhadadze}, E.~G. and {Tsukerman}, I.~I. and {Tsulaia}, V. and {Tsung}, J. -W. and {Tsuno}, S. and {Tsybychev}, D. and {Tua}, A. and {Tudorache}, A. and {Tudorache}, V. and {Tuggle}, J.~M. and {Turala}, M. and {Turecek}, D. and {Turk Cakir}, I. and {Turlay}, E. and {Turra}, R. and {Tuts}, P.~M. and {Tykhonov}, A. and {Tylmad}, M. and {Tyndel}, M. and {Tzanakos}, G. and {Uchida}, K. and {Ueda}, I. and {Ueno}, R. and {Ugland}, M. and {Uhlenbrock}, M. and {Uhrmacher}, M. and {Ukegawa}, F. and {Unal}, G. and {Undrus}, A. and {Unel}, G. and {Unno}, Y. and {Urbaniec}, D. and {Urquijo}, P. and {Usai}, G. and {Uslenghi}, M. and {Vacavant}, L. and {Vacek}, V. and {Vachon}, B. and {Vahsen}, S. and {Valenta}, J. and {Valentinetti}, S. and {Valero}, A. and {Valkar}, S. and {Valladolid Gallego}, E. and {Vallecorsa}, S. and {Valls Ferrer}, J.~A. and {van Berg}, R. and {van der Deijl}, P.~C. and {van der Geer}, R. and {van der Graaf}, H. and {van der Leeuw}, R. and {van der Poel}, E. and {van der Ster}, D. and {van Eldik}, N. and {van Gemmeren}, P. and {van Vulpen}, I. and {Vanadia}, M. and {Vandelli}, W. and {Vanguri}, R. and {Vaniachine}, A. and {Vankov}, P. and {Vannucci}, F. and {Vari}, R. and {Varol}, T. and {Varouchas}, D. and {Vartapetian}, A. and {Varvell}, K.~E. and {Vassilakopoulos}, V.~I. and {Vazeille}, F. and {Vazquez Schroeder}, T. and {Vegni}, G. and {Veillet}, J.~J. and {Veloso}, F. and {Veness}, R. and {Veneziano}, S. and {Ventura}, A. and {Ventura}, D. and {Venturi}, M. and {Venturi}, N. and {Vercesi}, V. and {Verducci}, M. and {Verkerke}, W. and {Vermeulen}, J.~C. and {Vest}, A. and {Vetterli}, M.~C. and {Vichou}, I. and {Vickey}, T. and {Vickey Boeriu}, O.~E. and {Viehhauser}, G.~H.~A. and {Viel}, S. and {Villa}, M. and {Villaplana Perez}, M. and {Vilucchi}, E. and {Vincter}, M.~G. and {Vinek}, E. and {Vinogradov}, V.~B. and {Virchaux}, M. and {Virzi}, J. and {Vitells}, O. and {Viti}, M. and {Vivarelli}, I. and {Vives Vaque}, F. and {Vlachos}, S. and {Vladoiu}, D. and {Vlasak}, M. and {Vogel}, A. and {Vokac}, P. and {Volpi}, G. and {Volpi}, M. and {Volpini}, G. and {von der Schmitt}, H. and {von Radziewski}, H. and {von Toerne}, E. and {Vorobel}, V. and {Vorwerk}, V. and {Vos}, M. and {Voss}, R. and {Voss}, T.~T. and {Vossebeld}, J.~H. and {Vranjes}, N. and {Vranjes Milosavljevic}, M. and {Vrba}, V. and {Vreeswijk}, M. and {Vu Anh}, T. and {Vuillermet}, R. and {Vukotic}, I. and {Wagner}, W. and {Wagner}, P. and {Wahlen}, H. and {Wahrmund}, S. and {Wakabayashi}, J. and {Walch}, S. and {Walder}, J. and {Walker}, R. and {Walkowiak}, W. and {Wall}, R. and {Waller}, P. and {Walsh}, B. and {Wang}, C. and {Wang}, F. and {Wang}, H. and {Wang}, H. and {Wang}, J. and {Wang}, J. and {Wang}, R. and {Wang}, S.~M. and {Wang}, T. and {Warburton}, A. and {Ward}, C.~P. and {Wardrope}, D.~R. and {Warsinsky}, M. and {Washbrook}, A. and {Wasicki}, C. and {Watanabe}, I. and {Watkins}, P.~M. and {Watson}, A.~T. and {Watson}, I.~J. and {Watson}, M.~F. and {Watts}, G. and {Watts}, S. and {Waugh}, A.~T. and {Waugh}, B.~M. and {Weber}, M.~S. and {Weber}, P. and {Webster}, J.~S. and {Weidberg}, A.~R. and {Weigell}, P. and {Weingarten}, J. and {Weiser}, C. and {Wells}, P.~S. and {Wenaus}, T. and {Wendland}, D. and {Weng}, Z. and {Wengler}, T. and {Wenig}, S. and {Wermes}, N. and {Werner}, M. and {Werner}, P. and {Werth}, M. and {Wessels}, M. and {Wetter}, J. and {Weydert}, C. and {Whalen}, K. and {Wheeler-Ellis}, S.~J. and {White}, A. and {White}, M.~J. and {White}, S. and {Whitehead}, S.~R. and {Whiteson}, D. and {Whittington}, D. and {Wicek}, F. and {Wicke}, D. and {Wickens}, F.~J. and {Wiedenmann}, W. and {Wielers}, M. and {Wienemann}, P. and {Wiglesworth}, C. and {Wiik-Fuchs}, L.~A.~M. and {Wijeratne}, P.~A. and {Wildauer}, A. and {Wildt}, M.~A. and {Wilhelm}, I. and {Wilkens}, H.~G. and {Will}, J.~Z. and {Williams}, E. and {Williams}, H.~H. and {Willis}, W. and {Willocq}, S. and {Wilson}, J.~A. and {Wilson}, M.~G. and {Wilson}, A. and {Wingerter-Seez}, I. and {Winkelmann}, S. and {Winklmeier}, F. and {Wittgen}, M. and {Wollstadt}, S.~J. and {Wolter}, M.~W. and {Wolters}, H. and {Wong}, W.~C. and {Wooden}, G. and {Wosiek}, B.~K. and {Wotschack}, J. and {Woudstra}, M.~J. and {Wozniak}, K.~W. and {Wraight}, K. and {Wright}, M. and {Wrona}, B. and {Wu}, S.~L. and {Wu}, X. and {Wu}, Y. and {Wulf}, E. and {Wynne}, B.~M. and {Xella}, S. and {Xiao}, M. and {Xie}, S. and {Xu}, C. and {Xu}, D. and {Yabsley}, B. and {Yacoob}, S. and {Yamada}, M. and {Yamaguchi}, H. and {Yamaguchi}, Y. and {Yamamoto}, A. and {Yamamoto}, K. and {Yamamoto}, S. and {Yamamura}, T. and {Yamanaka}, T. and {Yamazaki}, T. and {Yamazaki}, Y. and {Yan}, Z. and {Yang}, H. and {Yang}, H. and {Yang}, U.~K. and {Yang}, Y. and {Yang}, Z. and {Yanush}, S. and {Yao}, L. and {Yao}, Y. and {Yasu}, Y. and {Ybeles Smit}, G.~V. and {Ye}, J. and {Ye}, S. and {Yilmaz}, M. and {Yoosoofmiya}, R. and {Yorita}, K. and {Yoshida}, R. and {Yoshihara}, K. and {Young}, C. and {Young}, C.~J. and {Youssef}, S. and {Yu}, D. and {Yu}, J. and {Yu}, J. and {Yuan}, L. and {Yurkewicz}, A. and {Byszewski}, M. and {Zabinski}, B. and {Zaidan}, R. and {Zaitsev}, A.~M. and {Zajacova}, Z. and {Zanello}, L. and {Zanzi}, D. and {Zaytsev}, A. and {Zeitnitz}, C. and {Zeman}, M. and {Zemla}, A. and {Zendler}, C. and {Zenin}, O. and {{\v{Z}}eni{\v{s}}}, T. and {Zinonos}, Z. and {Zerwas}, D. and {Zevi Della Porta}, G. and {Zhang}, D. and {Zhang}, H. and {Zhang}, J. and {Zhang}, X. and {Zhang}, Z. and {Zhao}, L. and {Zhao}, Z. and {Zhemchugov}, A. and {Zhong}, J. and {Zhou}, B. and {Zhou}, N. and {Zhou}, Y. and {Zhu}, C.~G. and {Zhu}, H. and {Zhu}, J. and {Zhu}, Y. and {Zhuang}, X. and {Zhuravlov}, V. and {Zieminska}, D. and {Zimin}, N.~I. and {Zimmermann}, R. and {Zimmermann}, S. and {Zimmermann}, S. and {Ziolkowski}, M. and {Zitoun}, R. and {{\v{Z}}ivkovi{\'c}}, L. and {Zmouchko}, V.~V. and {Zobernig}, G. and {Zoccoli}, A. and {Zur Nedden}, M. and {Zutshi}, V. and {Zwalinski}, L. and {Atlas Collaboration}},
        title = "{Observation of a new particle in the search for the Standard Model Higgs boson with the ATLAS detector at the LHC}",
      journal = {Physics Letters B},
     keywords = {High Energy Physics - Experiment},
         year = 2012,
        month = sep,
       volume = {716},
       number = {1},
        pages = {1-29},
          doi = {10.1016/j.physletb.2012.08.020},
archivePrefix = {arXiv},
       eprint = {1207.7214},
 primaryClass = {hep-ex},
       adsurl = {https://ui.adsabs.harvard.edu/abs/2012PhLB..716....1A},
      adsnote = {Provided by the SAO/NASA Astrophysics Data System}
}

@ARTICLE{2018PhRvD..98c0001T,
       author = {{Tanabashi}, M. and {Hagiwara}, K. and {Hikasa}, K. and {Nakamura}, K. and {Sumino}, Y. and {Takahashi}, F. and {Tanaka}, J. and {Agashe}, K. and {Aielli}, G. and {Amsler}, C. and {Antonelli}, M. and {Asner}, D.~M. and {Baer}, H. and {Banerjee}, Sw. and {Barnett}, R.~M. and {Basaglia}, T. and {Bauer}, C.~W. and {Beatty}, J.~J. and {Belousov}, V.~I. and {Beringer}, J. and {Bethke}, S. and {Bettini}, A. and {Bichsel}, H. and {Biebel}, O. and {Black}, K.~M. and {Blucher}, E. and {Buchmuller}, O. and {Burkert}, V. and {Bychkov}, M.~A. and {Cahn}, R.~N. and {Carena}, M. and {Ceccucci}, A. and {Cerri}, A. and {Chakraborty}, D. and {Chen}, M. -C. and {Chivukula}, R.~S. and {Cowan}, G. and {Dahl}, O. and {D'Ambrosio}, G. and {Damour}, T. and {de Florian}, D. and {de Gouv{\^e}a}, A. and {DeGrand}, T. and {de Jong}, P. and {Dissertori}, G. and {Dobrescu}, B.~A. and {D'Onofrio}, M. and {Doser}, M. and {Drees}, M. and {Dreiner}, H.~K. and {Dwyer}, D.~A. and {Eerola}, P. and {Eidelman}, S. and {Ellis}, J. and {Erler}, J. and {Ezhela}, V.~V. and {Fetscher}, W. and {Fields}, B.~D. and {Firestone}, R. and {Foster}, B. and {Freitas}, A. and {Gallagher}, H. and {Garren}, L. and {Gerber}, H. -J. and {Gerbier}, G. and {Gershon}, T. and {Gershtein}, Y. and {Gherghetta}, T. and {Godizov}, A.~A. and {Goodman}, M. and {Grab}, C. and {Gritsan}, A.~V. and {Grojean}, C. and {Groom}, D.~E. and {Gr{\"u}newald}, M. and {Gurtu}, A. and {Gutsche}, T. and {Haber}, H.~E. and {Hanhart}, C. and {Hashimoto}, S. and {Hayato}, Y. and {Hayes}, K.~G. and {Hebecker}, A. and {Heinemeyer}, S. and {Heltsley}, B. and {Hern{\'a}ndez-Rey}, J.~J. and {Hisano}, J. and {H{\"o}cker}, A. and {Holder}, J. and {Holtkamp}, A. and {Hyodo}, T. and {Irwin}, K.~D. and {Johnson}, K.~F. and {Kado}, M. and {Karliner}, M. and {Katz}, U.~F. and {Klein}, S.~R. and {Klempt}, E. and {Kowalewski}, R.~V. and {Krauss}, F. and {Kreps}, M. and {Krusche}, B. and {Kuyanov}, Yu. V. and {Kwon}, Y. and {Lahav}, O. and {Laiho}, J. and {Lesgourgues}, J. and {Liddle}, A. and {Ligeti}, Z. and {Lin}, C. -J. and {Lippmann}, C. and {Liss}, T.~M. and {Littenberg}, L. and {Lugovsky}, K.~S. and {Lugovsky}, S.~B. and {Lusiani}, A. and {Makida}, Y. and {Maltoni}, F. and {Mannel}, T. and {Manohar}, A.~V. and {Marciano}, W.~J. and {Martin}, A.~D. and {Masoni}, A. and {Matthews}, J. and {Mei{\ss}ner}, U. -G. and {Milstead}, D. and {Mitchell}, R.~E. and {M{\"o}nig}, K. and {Molaro}, P. and {Moortgat}, F. and {Moskovic}, M. and {Murayama}, H. and {Narain}, M. and {Nason}, P. and {Navas}, S. and {Neubert}, M. and {Nevski}, P. and {Nir}, Y. and {Olive}, K.~A. and {Pagan Griso}, S. and {Parsons}, J. and {Patrignani}, C. and {Peacock}, J.~A. and {Pennington}, M. and {Petcov}, S.~T. and {Petrov}, V.~A. and {Pianori}, E. and {Piepke}, A. and {Pomarol}, A. and {Quadt}, A. and {Rademacker}, J. and {Raffelt}, G. and {Ratcliff}, B.~N. and {Richardson}, P. and {Ringwald}, A. and {Roesler}, S. and {Rolli}, S. and {Romaniouk}, A. and {Rosenberg}, L.~J. and {Rosner}, J.~L. and {Rybka}, G. and {Ryutin}, R.~A. and {Sachrajda}, C.~T. and {Sakai}, Y. and {Salam}, G.~P. and {Sarkar}, S. and {Sauli}, F. and {Schneider}, O. and {Scholberg}, K. and {Schwartz}, A.~J. and {Scott}, D. and {Sharma}, V. and {Sharpe}, S.~R. and {Shutt}, T. and {Silari}, M. and {Sj{\"o}strand}, T. and {Skands}, P. and {Skwarnicki}, T. and {Smith}, J.~G. and {Smoot}, G.~F. and {Spanier}, S. and {Spieler}, H. and {Spiering}, C. and {Stahl}, A. and {Stone}, S.~L. and {Sumiyoshi}, T. and {Syphers}, M.~J. and {Terashi}, K. and {Terning}, J. and {Thoma}, U. and {Thorne}, R.~S. and {Tiator}, L. and {Titov}, M. and {Tkachenko}, N.~P. and {T{\"o}rnqvist}, N.~A. and {Tovey}, D.~R. and {Valencia}, G. and {Van de Water}, R. and {Varelas}, N. and {Venanzoni}, G. and {Verde}, L. and {Vincter}, M.~G. and {Vogel}, P. and {Vogt}, A. and {Wakely}, S.~P. and {Walkowiak}, W. and {Walter}, C.~W. and {Wands}, D. and {Ward}, D.~R. and {Wascko}, M.~O. and {Weiglein}, G. and {Weinberg}, D.~H. and {Weinberg}, E.~J. and {White}, M. and {Wiencke}, L.~R. and {Willocq}, S. and {Wohl}, C.~G. and {Womersley}, J. and {Woody}, C.~L. and {Workman}, R.~L. and {Yao}, W. -M. and {Zeller}, G.~P. and {Zenin}, O.~V. and {Zhu}, R. -Y. and {Zhu}, S. -L. and {Zimmermann}, F. and {Zyla}, P.~A. and {Anderson}, J. and {Fuller}, L. and {Lugovsky}, V.~S. and {Schaffner}, P. and {Particle Data Group}},
        title = "{Review of Particle Physics$^{*}$}",
      journal = {Physical Review D},
         year = 2018,
        month = aug,
       volume = {98},
       number = {3},
          eid = {030001},
        pages = {030001},
          doi = {10.1103/PhysRevD.98.030001},
       adsurl = {https://ui.adsabs.harvard.edu/abs/2018PhRvD..98c0001T},
      adsnote = {Provided by the SAO/NASA Astrophysics Data System}
}

@ARTICLE{2018Natur.556...43C,
       author = {{Cao}, Yuan and {Fatemi}, Valla and {Fang}, Shiang and {Watanabe}, Kenji and {Taniguchi}, Takashi and {Kaxiras}, Efthimios and {Jarillo-Herrero}, Pablo},
        title = "{Unconventional superconductivity in magic-angle graphene superlattices}",
      journal = {Nature},
     keywords = {Condensed Matter - Mesoscale and Nanoscale Physics, Condensed Matter - Strongly Correlated Electrons, Condensed Matter - Superconductivity},
         year = 2018,
        month = apr,
       volume = {556},
       number = {7699},
        pages = {43-50},
          doi = {10.1038/nature26160},
archivePrefix = {arXiv},
       eprint = {1803.02342},
 primaryClass = {cond-mat.mes-hall},
       adsurl = {https://ui.adsabs.harvard.edu/abs/2018Natur.556...43C},
      adsnote = {Provided by the SAO/NASA Astrophysics Data System}
}

@ARTICLE{2019ApJ...873..111I,
       author = {{Ivezi{\'c}}, {\v{Z}}eljko and {Kahn}, Steven M. and {Tyson}, J. Anthony and {Abel}, Bob and {Acosta}, Emily and {Allsman}, Robyn and {Alonso}, David and {AlSayyad}, Yusra and {Anderson}, Scott F. and {Andrew}, John and {Angel}, James Roger P. and {Angeli}, George Z. and {Ansari}, Reza and {Antilogus}, Pierre and {Araujo}, Constanza and {Armstrong}, Robert and {Arndt}, Kirk T. and {Astier}, Pierre and {Aubourg}, {\'E}ric and {Auza}, Nicole and {Axelrod}, Tim S. and {Bard}, Deborah J. and {Barr}, Jeff D. and {Barrau}, Aurelian and {Bartlett}, James G. and {Bauer}, Amanda E. and {Bauman}, Brian J. and {Baumont}, Sylvain and {Bechtol}, Ellen and {Bechtol}, Keith and {Becker}, Andrew C. and {Becla}, Jacek and {Beldica}, Cristina and {Bellavia}, Steve and {Bianco}, Federica B. and {Biswas}, Rahul and {Blanc}, Guillaume and {Blazek}, Jonathan and {Blandford}, Roger D. and {Bloom}, Josh S. and {Bogart}, Joanne and {Bond}, Tim W. and {Booth}, Michael T. and {Borgland}, Anders W. and {Borne}, Kirk and {Bosch}, James F. and {Boutigny}, Dominique and {Brackett}, Craig A. and {Bradshaw}, Andrew and {Brandt}, William Nielsen and {Brown}, Michael E. and {Bullock}, James S. and {Burchat}, Patricia and {Burke}, David L. and {Cagnoli}, Gianpietro and {Calabrese}, Daniel and {Callahan}, Shawn and {Callen}, Alice L. and {Carlin}, Jeffrey L. and {Carlson}, Erin L. and {Chandrasekharan}, Srinivasan and {Charles-Emerson}, Glenaver and {Chesley}, Steve and {Cheu}, Elliott C. and {Chiang}, Hsin-Fang and {Chiang}, James and {Chirino}, Carol and {Chow}, Derek and {Ciardi}, David R. and {Claver}, Charles F. and {Cohen-Tanugi}, Johann and {Cockrum}, Joseph J. and {Coles}, Rebecca and {Connolly}, Andrew J. and {Cook}, Kem H. and {Cooray}, Asantha and {Covey}, Kevin R. and {Cribbs}, Chris and {Cui}, Wei and {Cutri}, Roc and {Daly}, Philip N. and {Daniel}, Scott F. and {Daruich}, Felipe and {Daubard}, Guillaume and {Daues}, Greg and {Dawson}, William and {Delgado}, Francisco and {Dellapenna}, Alfred and {de Peyster}, Robert and {de Val-Borro}, Miguel and {Digel}, Seth W. and {Doherty}, Peter and {Dubois}, Richard and {Dubois-Felsmann}, Gregory P. and {Durech}, Josef and {Economou}, Frossie and {Eifler}, Tim and {Eracleous}, Michael and {Emmons}, Benjamin L. and {Fausti Neto}, Angelo and {Ferguson}, Henry and {Figueroa}, Enrique and {Fisher-Levine}, Merlin and {Focke}, Warren and {Foss}, Michael D. and {Frank}, James and {Freemon}, Michael D. and {Gangler}, Emmanuel and {Gawiser}, Eric and {Geary}, John C. and {Gee}, Perry and {Geha}, Marla and {Gessner}, Charles J.~B. and {Gibson}, Robert R. and {Gilmore}, D. Kirk and {Glanzman}, Thomas and {Glick}, William and {Goldina}, Tatiana and {Goldstein}, Daniel A. and {Goodenow}, Iain and {Graham}, Melissa L. and {Gressler}, William J. and {Gris}, Philippe and {Guy}, Leanne P. and {Guyonnet}, Augustin and {Haller}, Gunther and {Harris}, Ron and {Hascall}, Patrick A. and {Haupt}, Justine and {Hernandez}, Fabio and {Herrmann}, Sven and {Hileman}, Edward and {Hoblitt}, Joshua and {Hodgson}, John A. and {Hogan}, Craig and {Howard}, James D. and {Huang}, Dajun and {Huffer}, Michael E. and {Ingraham}, Patrick and {Innes}, Walter R. and {Jacoby}, Suzanne H. and {Jain}, Bhuvnesh and {Jammes}, Fabrice and {Jee}, M. James and {Jenness}, Tim and {Jernigan}, Garrett and {Jevremovi{\'c}}, Darko and {Johns}, Kenneth and {Johnson}, Anthony S. and {Johnson}, Margaret W.~G. and {Jones}, R. Lynne and {Juramy-Gilles}, Claire and {Juri{\'c}}, Mario and {Kalirai}, Jason S. and {Kallivayalil}, Nitya J. and {Kalmbach}, Bryce and {Kantor}, Jeffrey P. and {Karst}, Pierre and {Kasliwal}, Mansi M. and {Kelly}, Heather and {Kessler}, Richard and {Kinnison}, Veronica and {Kirkby}, David and {Knox}, Lloyd and {Kotov}, Ivan V. and {Krabbendam}, Victor L. and {Krughoff}, K. Simon and {Kub{\'a}nek}, Petr and {Kuczewski}, John and {Kulkarni}, Shri and {Ku}, John and {Kurita}, Nadine R. and {Lage}, Craig S. and {Lambert}, Ron and {Lange}, Travis and {Langton}, J. Brian and {Le Guillou}, Laurent and {Levine}, Deborah and {Liang}, Ming and {Lim}, Kian-Tat and {Lintott}, Chris J. and {Long}, Kevin E. and {Lopez}, Margaux and {Lotz}, Paul J. and {Lupton}, Robert H. and {Lust}, Nate B. and {MacArthur}, Lauren A. and {Mahabal}, Ashish and {Mandelbaum}, Rachel and {Markiewicz}, Thomas W. and {Marsh}, Darren S. and {Marshall}, Philip J. and {Marshall}, Stuart and {May}, Morgan and {McKercher}, Robert and {McQueen}, Michelle and {Meyers}, Joshua and {Migliore}, Myriam and {Miller}, Michelle and {Mills}, David J. and {Miraval}, Connor and {Moeyens}, Joachim and {Moolekamp}, Fred E. and {Monet}, David G. and {Moniez}, Marc and {Monkewitz}, Serge and {Montgomery}, Christopher and {Morrison}, Christopher B. and {Mueller}, Fritz and {Muller}, Gary P. and {Mu{\~n}oz Arancibia}, Freddy and {Neill}, Douglas R. and {Newbry}, Scott P. and {Nief}, Jean-Yves and {Nomerotski}, Andrei and {Nordby}, Martin and {O'Connor}, Paul and {Oliver}, John and {Olivier}, Scot S. and {Olsen}, Knut and {O'Mullane}, William and {Ortiz}, Sandra and {Osier}, Shawn and {Owen}, Russell E. and {Pain}, Reynald and {Palecek}, Paul E. and {Parejko}, John K. and {Parsons}, James B. and {Pease}, Nathan M. and {Peterson}, J. Matt and {Peterson}, John R. and {Petravick}, Donald L. and {Libby Petrick}, M.~E. and {Petry}, Cathy E. and {Pierfederici}, Francesco and {Pietrowicz}, Stephen and {Pike}, Rob and {Pinto}, Philip A. and {Plante}, Raymond and {Plate}, Stephen and {Plutchak}, Joel P. and {Price}, Paul A. and {Prouza}, Michael and {Radeka}, Veljko and {Rajagopal}, Jayadev and {Rasmussen}, Andrew P. and {Regnault}, Nicolas and {Reil}, Kevin A. and {Reiss}, David J. and {Reuter}, Michael A. and {Ridgway}, Stephen T. and {Riot}, Vincent J. and {Ritz}, Steve and {Robinson}, Sean and {Roby}, William and {Roodman}, Aaron and {Rosing}, Wayne and {Roucelle}, Cecille and {Rumore}, Matthew R. and {Russo}, Stefano and {Saha}, Abhijit and {Sassolas}, Benoit and {Schalk}, Terry L. and {Schellart}, Pim and {Schindler}, Rafe H. and {Schmidt}, Samuel and {Schneider}, Donald P. and {Schneider}, Michael D. and {Schoening}, William and {Schumacher}, German and {Schwamb}, Megan E. and {Sebag}, Jacques and {Selvy}, Brian and {Sembroski}, Glenn H. and {Seppala}, Lynn G. and {Serio}, Andrew and {Serrano}, Eduardo and {Shaw}, Richard A. and {Shipsey}, Ian and {Sick}, Jonathan and {Silvestri}, Nicole and {Slater}, Colin T. and {Smith}, J. Allyn and {Smith}, R. Chris and {Sobhani}, Shahram and {Soldahl}, Christine and {Storrie-Lombardi}, Lisa and {Stover}, Edward and {Strauss}, Michael A. and {Street}, Rachel A. and {Stubbs}, Christopher W. and {Sullivan}, Ian S. and {Sweeney}, Donald and {Swinbank}, John D. and {Szalay}, Alexander and {Takacs}, Peter and {Tether}, Stephen A. and {Thaler}, Jon J. and {Thayer}, John Gregg and {Thomas}, Sandrine and {Thornton}, Adam J. and {Thukral}, Vaikunth and {Tice}, Jeffrey and {Trilling}, David E. and {Turri}, Max and {Van Berg}, Richard and {Vanden Berk}, Daniel and {Vetter}, Kurt and {Virieux}, Francoise and {Vucina}, Tomislav and {Wahl}, William and {Walkowicz}, Lucianne and {Walsh}, Brian and {Walter}, Christopher W. and {Wang}, Daniel L. and {Wang}, Shin-Yawn and {Warner}, Michael and {Wiecha}, Oliver and {Willman}, Beth and {Winters}, Scott E. and {Wittman}, David and {Wolff}, Sidney C. and {Wood-Vasey}, W. Michael and {Wu}, Xiuqin and {Xin}, Bo and {Yoachim}, Peter and {Zhan}, Hu},
        title = "{LSST: From Science Drivers to Reference Design and Anticipated Data Products}",
      journal = {The Astrophysical Journal},
     keywords = {astrometry, cosmology: observations, Galaxy: general, methods: observational, stars: general, surveys, Astrophysics},
         year = 2019,
        month = mar,
       volume = {873},
       number = {2},
          eid = {111},
        pages = {111},
          doi = {10.3847/1538-4357/ab042c},
archivePrefix = {arXiv},
       eprint = {0805.2366},
 primaryClass = {astro-ph},
       adsurl = {https://ui.adsabs.harvard.edu/abs/2019ApJ...873..111I},
      adsnote = {Provided by the SAO/NASA Astrophysics Data System}
}

